
@article{ashton2009internet,
	title={That Internet of things},
	author={Ashton, Kevin},
	journal={RFiD Journal},
	volume={22},
	number={7},
	pages={97--114},
	year={2009}
}

@article{wang2015software,
	title={Software toolkits: practical aspects of the internet of things survey},
	author={Wang, Feng and Hu, Liang and Zhou, Jin and Wu, Yang and Hu, Jiejun and Zhao, Kuo},
	journal={International Journal of Distributed Sensor Networks},
	volume={2015},
	pages={184},
	publisher={Taylor \& Francis, Inc.}
}

@article{gubbi2013internet,
	title={Internet of Things (IoT): A vision, architectural elements, and future directions},
	author={Gubbi, Jayavardhana and Buyya, Rajkumar and Marusic, Slaven and Palaniswami, Marimuthu},
	journal={Future Generation Computer Systems},
	volume={29},
	number={7},
	pages={1645--1660},
	year={2013},
	publisher={Elsevier}
}

@inproceedings{kohler2014platforms,
	title={Platforms for the internet of things--an analysis of existing solutions},
	author={K{\"o}hler, Marcus and W{\"o}rner, Dominic and Wortmann, Felix},
	booktitle={5th Bosch Conference on Systems and Software Engineering (BoCSE)},
	year={2014}
}

@article{balamuralidhara2013software,
	title={Software platforms for internet of things and M2M},
	author={Balamuralidhara, P and Misra, Prateep and Pal, Arpan},
	journal={Journal of the Indian Institute of Science},
	volume={93},
	number={3},
	pages={487--498},
	year={2013}
}

@inproceedings{mazhelis2014framework,
	title={A framework for evaluating Internet-of-Things platforms: Application provider viewpoint},
	author={Mazhelis, Oleksiy and Tyrv{\"a}inen, Pasi},
	booktitle={Internet of Things (WF-IoT), 2014 IEEE World Forum on},
	pages={147--152},
	year={2014},
	organization={IEEE}
}

@inproceedings{khan2012future,
	title={Future internet: the internet of things architecture, possible applications and key challenges},
	author={Khan, Rafiullah and Khan, Sarmad Ullah and Zaheer, Rifaqat and Khan, Shahid},
	booktitle={10th International Conference on Frontiers of Information Technology (FIT)},
	pages={257--260},
	year={2012},
	organization={IEEE}
}

@article{miorandi2012internet,
	title={Internet of things: Vision, applications and research challenges},
	author={Miorandi, Daniele and Sicari, Sabrina and De Pellegrini, Francesco and Chlamtac, Imrich},
	journal={Ad Hoc Networks},
	volume={10},
	number={7},
	pages={1497--1516},
	year={2012},
	publisher={Elsevier}
}

@article{maksimovic2014raspberry,
	title={Raspberry Pi as Internet of things hardware: performances and constraints},
	author={Maksimovi{\'c}, Mirjana and Vujovi{\'c}, Vladimir and Davidovi{\'c}, Nikola and Milo{\v{s}}evi{\'c}, Vladimir and Peri{\v{s}}i{\'c}, Branko},
	journal={design issues},
	volume={3},
	pages={8},
	year={2014}
}

@book{upton2014raspberry,
	title={Raspberry Pi user guide},
	author={Upton, Eben and Halfacree, Gareth},
	year={2014},
	publisher={John Wiley \& Sons}
}

@book{monk2016raspberry,
	title={Raspberry Pi cookbook: Software and hardware problems and solutions},
	author={Monk, Simon},
	year={2016},
	publisher={" O'Reilly Media, Inc."}
}

@book{doukas2012building,
	title={Building Internet of Things with the ARDUINO},
	author={Doukas, Charalampos},
	year={2012},
	publisher={CreateSpace Independent Publishing Platform}
}

@article{gao2014unified,
	title={A unified perspective on the factors influencing consumer acceptance of internet of things technology},
	author={Gao, Lingling and Bai, Xuesong},
	journal={Asia Pacific Journal of Marketing and Logistics},
	volume={26},
	number={2},
	pages={211--231},
	year={2014},
	publisher={Emerald Group Publishing Limited}
}

@article{liu2005applying,
	title={Applying the technology acceptance model and flow theory to online e-learning users?acceptance behavior},
	author={Liu, Su-Houn and Liao, Hsiu-Li and Peng, Cheng-Jun},
	journal={E-learning},
	volume={4},
	number={H6},
	pages={H8},
	year={2005}
}

@article{ahn2007impact,
	title={The impact of Web quality and playfulness on user acceptance of online retailing},
	author={Ahn, Tony and Ryu, Seewon and Han, Ingoo},
	journal={Information \& management},
	volume={44},
	number={3},
	pages={263--275},
	year={2007},
	publisher={Elsevier}
}

@article{hausman2009effect,
	title={The effect of web interface features on consumer online purchase intentions},
	author={Hausman, Angela V and Siekpe, Jeffrey Sam},
	journal={Journal of Business Research},
	volume={62},
	number={1},
	pages={5--13},
	year={2009},
	publisher={Elsevier}
}

@phdthesis{davis1986technology,
	title={A technology acceptance model for empirically testing new end-user information systems: Theory and results},
	author={Davis Jr, Fred D},
	year={1986},
	school={MIT}
}

@article{venkatesh2000theoretical,
	title={A theoretical extension of the technology acceptance model: Four longitudinal field studies},
	author={Venkatesh, Viswanath and Davis, Fred D},
	journal={Management science},
	volume={46},
	number={2},
	pages={186--204},
	year={2000},
	publisher={INFORMS}
}

@article{venkatesh2003user,
	title={User acceptance of information technology: Toward a unified view},
	author={Venkatesh, Viswanath and Morris, Michael G and Davis, Gordon B and Davis, Fred D},
	journal={MIS quarterly},
	pages={425--478},
	year={2003},
	publisher={JSTOR}
}

@inproceedings{caruana2006empirical,
	title={An empirical comparison of supervised learning algorithms},
	author={Caruana, Rich and Niculescu-Mizil, Alexandru},
	booktitle={ICML},
	pages={161--168},
	year={2006},
	organization={ACM}
}

@inproceedings{caruana2008empirical,
	title={An empirical evaluation of supervised learning in high dimensions},
	author={Caruana, Rich and Karampatziakis, Nikos and Yessenalina, Ainur},
	booktitle={ICML},
	pages={96--103},
	year={2008},
	organization={ACM}
}

@article{biau2012analysis,
	title={Analysis of a random forests model},
	author={Biau, G{\~A}{\v{S}}rard},
	journal={Journal of Machine Learning Research},
	volume={13},
	number={Apr},
	pages={1063--1095},
	year={2012}
}

@book{hosmer2013applied,
	title={Applied logistic regression},
	author={Hosmer Jr, David W and Lemeshow, Stanley and Sturdivant, Rodney X},
	volume={398},
	year={2013},
	publisher={John Wiley \& Sons}
}

@article{weston2014support,
	title={Support Vector Machine},
	author={Weston, Jason},
	journal={Tutorial, http://www. cs. columbia. edu/\~{} kathy/cs4701/documents/jason\_svm\_tutorial. pdf, accessed},
	volume={10},
	year={2014}
}

@article{chen2015data,
	title={Data mining for the internet of things: literature review and challenges},
	author={Chen, Feng and Deng, Pan and Wan, Jiafu and Zhang, Daqiang and Vasilakos, Athanasios V and Rong, Xiaohui},
	journal={International Journal of Distributed Sensor Networks},
	volume={2015},
	pages={12},
	year={2015},
	publisher={Taylor \& Francis, Inc.}
}


@article{gomes2009overview,
	title={An overview on the static code analysis approach in software development},
	author={Gomes, Ivo and Morgado, Pedro and Gomes, Tiago and Moreira, Rodrigo},
	journal={Faculdade de Engenharia da Universidade do Porto, Portugal},
	year={2009}
}

@inproceedings{oshiro2012many,
	title={How many trees in a random forest?},
	author={Oshiro, Thais Mayumi and Perez, Pedro Santoro and Baranauskas, Jos{\'e} Augusto},
	booktitle={International Workshop on Machine Learning and Data Mining in Pattern Recognition},
	pages={154--168},
	year={2012},
	organization={Springer}
}

@article{sarle1990varclus,
	title={The VARCLUS procedure},
	author={Sarle, WS},
	journal={SAS/STAT User's Guide,},
	year={1990}
}

@article{mcintosh2015empirical,
	title={An empirical study of the impact of modern code review practices on software quality},
	author={McIntosh, Shane and Kamei, Yasutaka and Adams, Bram and Hassan, Ahmed E},
	journal={Empirical Software Engineering},
	pages={1--44},
	year={2015},
	publisher={Springer}
}

@inproceedings{davis2006relationship,
	title={The relationship between Precision-Recall and ROC curves},
	author={Davis, Jesse and Goadrich, Mark},
	booktitle={ICML},
	pages={233--240},
	year={2006},
	organization={ACM}
}

@article{lessmann2008benchmarking,
	title={Benchmarking classification models for software defect prediction: A proposed framework and novel findings},
	author={Lessmann, Stefan and Baesens, Bart and Mues, Christophe and Pietsch, Swantje},
	journal={Transactions on Software Engineering},
	volume={34},
	number={4},
	pages={485--496},
	year={2008},
	publisher={IEEE}
}

@inproceedings{thung2012automatic,
	title={Automatic defect categorization},
	author={Thung, Ferdian and Lo, David and Jiang, Lingxiao},
	booktitle={19th Working Conference on Reverse Engineering},
	pages={205--214},
	year={2012},
	organization={IEEE}
}

@article{mccabe1976complexity,
	title={A complexity measure},
	author={McCabe, Thomas J},
	journal={Transactions on software Engineering},
	number={4},
	pages={308--320},
	year={1976},
	publisher={IEEE}
}

@article{cutler2007random,
	title={Random forests for classification in ecology},
	author={Cutler, D Richard and Edwards, Thomas C and Beard, Karen H and Cutler, Adele and Hess, Kyle T and Gibson, Jacob and Lawler, Joshua J},
	journal={Ecology},
	volume={88},
	number={11},
	pages={2783--2792},
	year={2007},
	publisher={Wiley Online Library}
}

@incollection{rogers2006identifying,
	title={Identifying feature relevance using a random forest},
	author={Rogers, Jeremy and Gunn, Steve},
	booktitle={Subspace, Latent Structure and Feature Selection},
	pages={173--184},
	year={2006},
	publisher={Springer}
}

@Misc{hackster-survey-2016,
	title = {The 2016 Hackster.io Maker Survey Official Report},
	howpublished = {[Online]. Available:  https://www.hackster.io/survey},
	year=2017
}

@Misc{iotanalytics,
	title = {IoT platforms Central backbone for the IoT},
	howpublished= {[Online]. Available: https://iot-analytics.com/product/iot-platforms-white-paper/},
	year=2017
}



@inproceedings{wang2011collaborative,
	title={Collaborative topic modeling for recommending scientific articles},
	author={Wang, Chong and Blei, David M},
	booktitle={SIGKDD},
	pages={448--456},
	year={2011},
	organization={ACM}
}

@book{cohen2013applied,
	title={Applied multiple regression/correlation analysis for the behavioral sciences},
	author={Cohen, Jacob and Cohen, Patricia and West, Stephen G and Aiken, Leona S},
	year={2013},
	publisher={Routledge}
}

@article{frank2000impact,
	title={Impact of a confounding variable on a regression coefficient},
	author={Frank, Kenneth A},
	journal={Sociological Methods \& Research},
	volume={29},
	number={2},
	pages={147--194},
	year={2000},
	publisher={Sage Publications}
}

@book{han2011data,
	title={Data mining: concepts and techniques},
	author={Han, Jiawei and Pei, Jian and Kamber, Micheline},
	year={2011},
	publisher={Elsevier}
}


@book{gorunescu2011data,
	title={Data Mining: Concepts, models and techniques},
	author={Gorunescu, Florin},
	volume={12},
	year={2011},
	publisher={Springer Science \& Business Media}
}


@article{li2015internet,
	title={The internet of things: a survey},
	author={Li, Shancang and Da Xu, Li and Zhao, Shanshan},
	journal={Information Systems Frontiers},
	volume={17},
	number={2},
	pages={243--259},
	year={2015},
	publisher={Springer}
}


@inproceedings{da2014empirical,
	title={An empirical study of delays in the integration of addressed issues},
	author={da Costa, Daniel Alencar and Abebe, Surafel Lemma and McIntosh, Shane and Kulesza, Uir{\'a} and Hassan, Ahmed E},
	booktitle={International Conference on Software Maintenance and Evolution (ICSME)},
	pages={281--290},
	year={2014},
	organization={IEEE}
}

@article{tian2015automated,
	title={Automated prediction of bug report priority using multi-factor analysis},
	author={Tian, Yuan and Lo, David and Xia, Xin and Sun, Chengnian},
	journal={Empirical Software Engineering},
	volume={20},
	number={5},
	pages={1354--1383},
	year={2015},
	publisher={Springer}
}


@article{mendling2012thresholds,
	title={Thresholds for error probability measures of business process models},
	author={Mendling, Jan and S{\'a}nchez-Gonz{\'a}lez, Laura and Garcia, Felix and La Rosa, Marcello},
	journal={Journal of Systems and Software},
	volume={85},
	number={5},
	pages={1188--1197},
	year={2012},
	publisher={Elsevier}
}

@inproceedings{zhang2016cross,
	title={Cross-project defect prediction using a connectivity-based unsupervised classifier},
	author={Zhang, Feng and Zheng, Quan and Zou, Ying and Hassan, Ahmed E},
	booktitle={ICSE},
	pages={309--320},
	year={2016},
	organization={ACM}
}

@article{saltelli2002sensitivity,
	title={Sensitivity analysis for importance assessment},
	author={Saltelli, Andrea},
	journal={Risk Analysis},
	volume={22},
	number={3},
	pages={579--590},
	year={2002},
	publisher={Wiley Online Library}
}

@inproceedings{chen2011predicting,
	title={Predicting popularity of online distributed applications: iTunes app store case analysis},
	author={Chen, Miao and Liu, Xiaozong},
	booktitle={iConference},
	pages={661--663},
	year={2011},
	organization={ACM}
}

@inproceedings{tian2015characteristics,
	title={What are the characteristics of high-rated apps? a case study on free android applications},
	author={Tian, Yuan and Nagappan, Meiyappan and Lo, David and Hassan, Ahmed E},
	booktitle={International Conference on Software Maintenance and Evolution (ICSME)},
	pages={301--310},
	year={2015},
	organization={IEEE}
}

@inproceedings{krutz2016examining,
	title={Examining the relationship between security metrics and user ratings of mobile apps: a case study},
	author={Krutz, Daniel E and Munaiah, Nuthan and Meneely, Andrew and Malachowsky, Samuel A},
	booktitle={International Workshop on App Market Analytics},
	pages={8--14},
	year={2016},
	organization={ACM}
}

@article{stewart2002exploratory,
	title={An exploratory study of factors influencing the level of vitality and popularity of open source projects},
	author={Stewart, Katherine and Ammeter, Tony},
	journal={ICIS},
	pages={88},
	year={2002}
}

@article{borges2016understanding,
	title={Understanding the factors that impact the popularity of GitHub repositories},
	author={Borges, Hudson and Hora, Andre and Valente, Marco Tulio},
	journal={arXiv preprint arXiv:1606.04984},
	year={2016}
}

@article{van2002goal,
	title={Goal question metric (gqm) approach},
	author={Van Solingen, Rini and Basili, Vic and Caldiera, Gianluigi and Rombach, H Dieter},
	journal={Encyclopedia of software engineering},
	year={2002},
	publisher={Wiley Online Library}
}

@inproceedings{borges2016predicting,
	title={Predicting the popularity of github repositories},
	author={Borges, Hudson and Hora, Andre and Valente, Marco Tulio},
	booktitle={12th International Conference on Predictive Models and Data Analytics in Software Engineering},
	pages={9},
	year={2016},
	organization={ACM}
}

@article{bandyopadhyay2011internet,
	title={Internet of things: Applications and challenges in technology and standardization},
	author={Bandyopadhyay, Debasis and Sen, Jaydip},
	journal={Wireless Personal Communications},
	volume={58},
	number={1},
	pages={49--69},
	year={2011},
	publisher={Springer}
}

@inproceedings{weber2014makes,
	title={What Makes an Open Source Code Popular on Git Hub?},
	author={Weber, Simon and Luo, Jiebo},
	booktitle={International Conference on Data Mining Workshop (ICDMW)},
	pages={851--855},
	year={2014},
	organization={IEEE}
}

@article{weyuker1988evaluating,
	title={Evaluating software complexity measures},
	author={Weyuker, Elaine J.},
	journal={IEEE transactions on Software Engineering},
	volume={14},
	number={9},
	pages={1357--1365},
	year={1988},
	publisher={IEEE}
}

@article{yin2002applications,
	title={Applications of Case Study Research Second Edition (Applied Social Research Methods Series Volume 34)},
	author={Yin, Robert K},
	year={2002},
	publisher={$\{$Sage Publications, Inc$\}$}
}

@inproceedings{roy2016empirical,
	title={An Empirical Analysis of Diagnosis of Industrial Business Processes at Sub-process Levels},
	author={Roy, Suman and Sajeev, ASM and Gopichand, A and Bhattacharya, Adrija},
	booktitle={International Conference on Services Computing (SCC)},
	pages={195--202},
	year={2016},
	organization={IEEE}
}


%############### IOT RELATED WORK #########################
%
%* Automated statis code analysis for classifying android 
%applications using machine learning
%
%authors:
%Shabtai et al

%Description:
%
%The authors used machine learning algorithms to classify whether an adroid
%application is benign or whether it is a malware. To perform such a classification
%the algorithms learn features from the bytecodes of the applications (.dex files), so
%that the classification can be performed before the application executed. The authors
%found that the Boosted Bayesian Networks algorithm obtain an accuracy level
%of 0.918 with a 0.172 false positive rate.


%Ref:

@inproceedings{shabtai2010automated,
  title={Automated static code analysis for classifying android applications using machine learning},
  author={Shabtai, Asaf and Fledel, Yuval and Elovici, Yuval},
  booktitle={International Conference on Computational Intelligence and Security (CIS)},
  pages={329--333},
  year={2010},
  organization={IEEE}
}


@article{chattopadhyay2015way,
  title={Way to make ourselves redundant: A Semantic Framework for Automated Workflow Generation for IoT},
  author={Chattopadhyay, T and Banerjee, S and Maiti, S and Dey, S and Jaiswal, D and Barik, B},
  journal={TCS Technical Architects},
  year={2015}
}

@article{d2014data,
  title={A data-mining approach to discover patterns of window opening and closing behavior in offices},
  author={D'Oca, Simona and Hong, Tianzhen},
  journal={Building and Environment},
  volume={82},
  pages={726--739},
  year={2014},
  publisher={Elsevier}
}

%* other references regarding IOT

@inproceedings{nambi2014unified,
  title={A unified semantic knowledge base for IoT},
  author={Nambi, SN Akshay Uttama and Sarkar, Chayan and Prasad, R Venkatesha and Rahim, Abdur},
  booktitle={Internet of Things (WF-IoT), 2014 IEEE World Forum on},
  pages={575--580},
  year={2014},
  organization={IEEE}
}


@article{jin2014information,
  title={An information framework for creating a smart city through internet of things},
  author={Jin, Jiong and Gubbi, Jayavardhana and Marusic, Slaven and Palaniswami, Marimuthu},
  journal={IEEE Internet of Things Journal},
  volume={1},
  number={2},
  pages={112--121},
  year={2014},
  publisher={IEEE}
}

@article{perera2014context,
  title={Context aware computing for the internet of things: A survey},
  author={Perera, Charith and Zaslavsky, Arkady and Christen, Peter and Georgakopoulos, Dimitrios},
  journal={IEEE Communications Surveys \& Tutorials},
  volume={16},
  number={1},
  pages={414--454},
  year={2014},
  publisher={IEEE}
}

@inproceedings{bauman2014discovering,
  title={Discovering Contextual Information from User Reviews for Recommendation Purposes.},
  author={Bauman, Konstantin and Tuzhilin, Alexander},
  booktitle={CBRecSys@ RecSys},
  pages={2--9},
  year={2014}
}

@article{barnaghi2016searching,
  title={On Searching the Internet of Things: Requirements and Challenges},
  author={Barnaghi, Payam and Sheth, Amit},
  journal={IEEE Intelligent Systems},
  volume={31},
  number={6},
  pages={71--75},
  year={2016},
  publisher={IEEE}
}

@article{li2014qos,
  title={QoS-aware scheduling of services-oriented internet of things},
  author={Li, Ling and Li, Shancang and Zhao, Shanshan},
  journal={IEEE Transactions on Industrial Informatics},
  volume={10},
  number={2},
  pages={1497--1505},
  year={2014},
  publisher={IEEE}
}

%* Fault tolerant IOT
%Decentralized Fault Tolerance Mechanism for Intelligent IoT/M2M
%Middleware
%
@inproceedings{su2014decentralized,
  title={Decentralized fault tolerance mechanism for intelligent IoT/M2M middleware},
  author={Su, Penn H and Shih, Chi-Sheng and Hsu, Jane Yung-Jen and Lin, Kwei-Jay and Wang, Yu-Chung},
  booktitle={Internet of Things (WF-IoT), 2014 IEEE World Forum on},
  pages={45--50},
  year={2014},
  organization={IEEE}
}

%summary: The authors propose the Strip approach, which is a list of duplicated
%services to help achieving failover mechanisms upon replacement of IoT devices
%of failure of IoT services.  The results of their research show that failures
%may be recovered within seconds without the need of developers and
%administrators in the process.

@inproceedings{reijers2013design,
  title={Design of an Intelligent Middleware for Flexible Sensor Configuration in M2M Systems.},
  author={Reijers, Niels and Lin, Kwei-Jay and Wang, Yu-Chung and Shih, Chi-Sheng and Hsu, Jane Yung-jen},
  booktitle={Sensornets},
  pages={41--46},
  year={2013}
}

@inproceedings{zhou2015supporting,
  title={Supporting service adaptation in fault tolerant internet of things},
  author={Zhou, Sen and Lin, Kwei-Jay and Na, Jun and Chuang, Ching-Chi and Shih, Chi-Sheng},
  booktitle={8th International Conference on Service-Oriented Computing and Applications (SOCA)},
  pages={65--72},
  year={2015},
  organization={IEEE}
}

* IoT and cloud

@inproceedings{botta2014integration,
  title={On the integration of cloud computing and internet of things},
  author={Botta, Alessio and De Donato, Walter and Persico, Valerio and Pescap{\'e}, Antonio},
  booktitle={International Conference on Future Internet of Things and Cloud (FiCloud)},
  pages={23--30},
  year={2014},
  organization={IEEE}
}

%Summary: The authors conducted a literature review to
%understand the potential applications and challenges of using
%IoT and Cloud computing together (i.e., the CloudIoT paradigm).
%The authors identify several open issues, such as the need
%of more standardization in both IoT and Cloud computing fields.

@article{kamilaris2011smart,
  title={The smart home meets the web of things},
  author={Kamilaris, Andreas and Pitsillides, Andreas and Trifa, Vlad},
  journal={International Journal of Ad Hoc and Ubiquitous Computing},
  volume={7},
  number={3},
  pages={145--154},
  year={2011},
  publisher={Inderscience Publishers}
}

@inproceedings{rao2012cloud,
  title={Cloud computing for Internet of Things \& sensing based applications},
  author={Rao, BB Prahlada and Saluia, Paval and Sharma, Neetu and Mittal, Ankit and Sharma, Shivay Veer},
  booktitle={6th International Conference on Sensing Technology (ICST)},
  pages={374--380},
  year={2012},
  organization={IEEE}
}
@inproceedings{fox2012architecture,
  title={Architecture and measured characteristics of a cloud based internet of things},
  author={Fox, Geoffrey C and Kamburugamuve, Supun and Hartman, Ryan D},
  booktitle={International Conference on Collaboration Technologies and Systems (CTS)},
  pages={6--12},
  year={2012},
  organization={IEEE}
}

@article{zaslavsky2013sensing,
  title={Sensing as a service and big data},
  author={Zaslavsky, Arkady and Perera, Charith and Georgakopoulos, Dimitrios},
  journal={arXiv preprint arXiv:1301.0159},
  year={2013}
}

* IoT service composition

@article{florescu2003xl,
  title={XL: An XML programming language for Web service specification and composition},
  author={Florescu, Daniela and Gr{\"u}nhagen, Andreas and Kossmann, Donald},
  journal={Computer Networks},
  volume={42},
  number={5},
  pages={641--660},
  year={2003},
  publisher={Elsevier}
}

@inproceedings{billet2014task,
  title={From task graphs to concrete actions: a new task mapping algorithm for the future internet of things},
  author={Billet, Benjamin and Issarny, Val{\'e}rie},
  booktitle={11th International Conference on Mobile Ad Hoc and Sensor Systems (MASS)},
  pages={470--478},
  year={2014},
  organization={IEEE}
}

@inproceedings{hachem2011ontologies,
  title={Ontologies for the internet of things},
  author={Hachem, Sara and Teixeira, Thiago and Issarny, Val{\'e}rie},
  booktitle={8th Middleware Doctoral Symposium},
  pages={3},
  year={2011},
  organization={ACM}
}

@inproceedings{alam2010senaas,
  title={Senaas: An event-driven sensor virtualization approach for internet of things cloud},
  author={Alam, Sarfraz and Chowdhury, Mohammad MR and Noll, Josef},
  booktitle={International Conference on Networked Embedded Systems for Enterprise Applications (NESEA)},
  pages={1--6},
  year={2010},
  organization={IEEE}
}

@inproceedings{tzortzis2016semi,
  title={A semi-automatic approach for semantic IoT service composition},
  author={Tzortzis, Grigorios and Spyrou, Evaggelos},
  booktitle={Workshop on Artificial Intelligence and Internet of Things in conjunction with SETN},
  year={2016}
}

%summary: The authors proposed a semi-automatic approach that allows developers
%to discover, consume, and interconnect IoT services in order to create more
%complex services. They evaluate their approach by interconnecting simple
%IoT-enables services and creating a complex application for counting people in
%a smart meeting room.

@article{de2012internet,
  title={An internet of things platform for real-world and digital objects},
  author={De, Suparna and Elsaleh, Tarek and Barnaghi, Payam and Meissner, Stefan},
  journal={Scalable Computing: Practice and Experience},
  volume={13},
  number={1},
  pages={45--58},
  year={2012}
}

@inproceedings{zhang2017service,
  title={A Service-Based Approach to Situational Correlation and Analyses of Stream Sensor Data},
  author={Zhang, Zhongmei and Li, Xiaohong and Liu, Chen and Su, Shen and Han, Yanbo},
  booktitle={International Conference on Web Services (ICWS)},
  pages={572--579},
  year={2017},
  organization={IEEE}
}

%* Service oriented IoT

@inproceedings{huang2015context,
  title={Context and user behavior aware intelligent home control using WuKong middleware},
  author={Huang, Zhenqiu and Tsai, Bo-Lung and Chou, Jyun-Jhe and Chen, Chun-Yuan and Chen, Chun-Han and Chuang, Ching-Chi and Lin, Kwei-Jay and Shih, Chi-Sheng},
  booktitle={International Conference on Consumer Electronics-Taiwan (ICCE-TW)},
  pages={302--303},
  year={2015},
  organization={IEEE}
}

@incollection{eisenhauer2010hydra,
  title={Hydra: A development platform for integrating wireless devices and sensors into ambient intelligence systems},
  author={Eisenhauer, Markus and Rosengren, Peter and Antolin, Pablo},
  booktitle={The Internet of Things},
  pages={367--373},
  year={2010},
  publisher={Springer}
}


@article{patel2015enabling,
  title={Enabling high-level application development for the internet of things},
  author={Patel, Pankesh and Cassou, Damien},
  journal={Journal of Systems and Software},
  volume={103},
  pages={62--84},
  year={2015},
  publisher={Elsevier}
}

@inproceedings{syer2013revisiting,
  title={Revisiting prior empirical findings for mobile apps: An empirical case study on the 15 most popular open-source android apps},
  author={Syer, Mark D and Nagappan, Meiyappan and Hassan, Ahmed E and Adams, Bram},
  booktitle={Conference of the Center for Advanced Studies on Collaborative Research},
  pages={283--297},
  year={2013},
  organization={IBM Corp.}
}

@Misc{hacksterpop,
	title = {Explore All Projects},
	howpublished = {[Online]. Available: https://www.hackster.io/projects?sort=popular},
	year={2017}
}

@article{lawrence1989concordance,
	title={A concordance correlation coefficient to evaluate reproducibility},
	author={Lawrence, I and Lin, Kuei},
	journal={Biometrics},
	pages={255--268},
	year={1989},
	publisher={JSTOR}
}

@misc{open2006license,
	title={The MIT license},
	year={2006},
	howpublished = {[Online]. Available: http://opensource. org/licenses/MIT}
}

@misc{gpllicense,
	title={GNU General Public License version 3},
	year={2017},
	howpublished = {[Online]. Available: https://opensource.org/licenses/gpl-3.0.html}
}

@inproceedings{manning2014stanford,
	title={The stanford corenlp natural language processing toolkit.},
	author={Manning, Christopher D and Surdeanu, Mihai and Bauer, John and Finkel, Jenny Rose and Bethard, Steven and McClosky, David},
	booktitle={ACL (System Demonstrations)},
	pages={55--60},
	year={2014}
}

@article{thelwall2012sentiment,
	title={Sentiment strength detection for the social web},
	author={Thelwall, Mike and Buckley, Kevan and Paltoglou, Georgios},
	journal={Journal of the American Society for Information Science and Technology},
	volume={63},
	number={1},
	pages={163-173},
	year={2012},
	publisher={Wiley Online Library}
}

@misc{understand,
	title={Understand},
	year={2017},
	howpublished = {[Online]. Available: https://scitools.com/}
}

@misc{understandcmd,
	title={Understand Manual},
	year={2017},
	howpublished = {[Online]. Available: http://scitools.com/documents/manuals/pdf/understand.pdf}
}

@misc{understandmetrics,
	title={Understand Metrics},
	year={2017},
	howpublished = {[Online]. Available: http://scitools.com/support/metrics\_list/}
}


@misc{understandfeatues,
	title={Understand Features},
	year={2017},
	howpublished = {[Online]. Available: https://scitools.com/features-2/}
}


@book{weisberg2005applied,
	title={Applied linear regression},
	author={Weisberg, Sanford},
	volume={528},
	year={2005},
	publisher={John Wiley \& Sons}
}

@book{lrm,
	title={Extending the linear model with R: generalized linear, mixed effects and nonparametric regression models},
	author={Faraway, Julian J},
	year={2005},
	publisher={CRC press}
}

@book{harrell2001rms,
	added-at = {2009-10-28T04:42:52.000+0100},
	author = {Harrell, Frank E.},
	keywords = {imported},
	publisher = {Springer},
	title = {Regression Modeling Strategies: With Applications to Linear Models, Logistic Regression, and Survival Analysis},
	year = 2001
}

@article{pearson1893contributions,
	title={Contributions to the Mathematical Theory of Evolution.},
	author={Pearson, Karl},
	journal={Royal Society of London},
	volume={54},
	number={326-330},
	pages={329--333},
	year={1893},
	publisher={The Royal Society}
}

@article{satorra2001scaled,
	title={A scaled difference chi-square test statistic for moment structure analysis},
	author={Satorra, Albert and Bentler, Peter M},
	journal={Psychometrika},
	volume={66},
	number={4},
	pages={507--514},
	year={2001},
	publisher={Springer}
}

@article{rice1989analyzing,
	title={Analyzing tables of statistical tests},
	author={Rice, William R},
	journal={Evolution},
	volume={43},
	number={1},
	pages={223--225},
	year={1989},
	publisher={JSTOR}
}

@book{zarrella2009social,
	title={The social media marketing book},
	author={Zarrella, Dan},
	year={2009},
	publisher={" O'Reilly Media, Inc."}
}



@book{Shull:2007:GAE:1324786,
	author = {Shull, Forrest and Singer, Janice and Sj{\o}berg, Dag I.K.},
	title = {Guide to Advanced Empirical Software Engineering},
	year = {2007},
	isbn = {184800043X},
	publisher = {Springer-Verlag New York, Inc.},
	address = {Secaucus, NJ, USA},
} 



@misc{idc,
	title={IDC},
	year={2017},
	howpublished = {[Online]. Available: http://www.idc.com/infographics/IoT}
}

@Misc{hackster,
	title = {Hackster},
	howpublished = {[Online]. Available: https://www.hackster.io/},
	year={2017}
}


@Misc{github,
	title = {GitHub},
	howpublished = {[Online]. Available: https://www.github.com/},
	year={2017}
}

@article{thelwall2010sentiment,
	title={Sentiment strength detection in short informal text},
	author={Thelwall, Mike and Buckley, Kevan and Paltoglou, Georgios and Cai, Di and Kappas, Arvid},
	journal={Journal of the Association for Information Science and Technology},
	volume={61},
	number={12},
	pages={2544--2558},
	year={2010},
	publisher={Wiley Online Library}
}

@inproceedings{nguyen2010studying,
	title={Studying the impact of dependency network measures on software quality},
	author={Nguyen, Thanh HD and Adams, Bram and Hassan, Ahmed E},
	booktitle={26th International Conference on Software Maintenance},
	pages={1-10},
	year={2010},
	organization={IEEE}
}

@book{theil1971applied,
	title={Applied economic forecasting},
	author={Theil, Henri},
	year={1971},
	publisher={North-Holland Pub. Co.}
}

@book{box1978statistics,
	title={Statistics for experimenters: an introduction to design, data analysis, and model building},
	author={Box, George EP and Hunter, William Gordon and Hunter, J Stuart},
	volume={1},
	year={1978},
	publisher={JSTOR}
}

@article{kitchenham2002preliminary,
	title={Preliminary guidelines for empirical research in software engineering},
	author={Kitchenham, Barbara A and Pfleeger, Shari Lawrence and Pickard, Lesley M and Jones, Peter W and Hoaglin, David C. and El Emam, Khaled and Rosenberg, Jarrett},
	journal={IEEE Transactions on software engineering},
	volume={28},
	number={8},
	pages={721--734},
	year={2002},
	publisher={IEEE}
}


@incollection{fisher1992statistical,
	title={Statistical methods for research workers},
	author={Fisher, Ronald Aylmer},
	booktitle={Breakthroughs in Statistics},
	pages={66--70},
	year={1992},
	publisher={Springer}
}

@techreport{sen2006open,
	title={Open source software development projects: determinants of project popularity},
	author={Sen, Ravi},
	year={2006},
	institution={EERI Research Paper Series}
}

@inproceedings{nastic2014provisioning,
	title={Provisioning software-defined IoT cloud systems},
	author={Nastic, Stefan and Sehic, Sanjin and Le, Duc-Hung and Truong, Hong-Linh and Dustdar, Schahram},
	booktitle={International Conference on Future Internet of Things and Cloud (FiCloud)},
	pages={288--295},
	year={2014},
	organization={IEEE}
}

@inproceedings{rosenkranz2015distributed,
	title={A distributed test system architecture for open-source IoT software},
	author={Rosenkranz, Philipp and W{\"a}hlisch, Matthias and Baccelli, Emmanuel and Ortmann, Ludwig},
	booktitle={2015 Workshop on IoT challenges in Mobile and Industrial Systems},
	pages={43--48},
	year={2015},
	organization={ACM}
}

@inproceedings{steidl2013quality,
	title={Quality analysis of source code comments},
	author={Steidl, Daniela and Hummel, Benjamin and Juergens, Elmar},
	booktitle={21st International Conference on Program Comprehension (ICPC)},
	pages={83--92},
	year={2013},
	organization={IEEE}
}

@article{noei2017study,
	title={A study of the relation of mobile device attributes with the user-perceived quality of android apps},
	author={Noei, Ehsan and Syer, Mark D and Zou, Ying and Hassan, Ahmed E and Keivanloo, Iman},
	journal={Empirical Software Engineering},
	pages={1--29},
	year={2017},
	publisher={Springer}
}


@article{fitzgerald2004critical,
	title={A critical look at open source},
	author={Fitzgerald, Brian},
	journal={Computer},
	volume={37},
	number={7},
	pages={92--94},
	year={2004},
	publisher={IEEE}
}

@article{aberdour2007achieving,
	title={Achieving quality in open-source software},
	author={Aberdour, Mark},
	journal={IEEE software},
	volume={24},
	number={1},
	year={2007},
	publisher={IEEE}
}

@inproceedings{moon1986object,
	title={Object-oriented programming with flavors},
	author={Moon, David A},
	booktitle={ACM Sigplan Notices},
	volume={21},
	number={11},
	pages={1--8},
	year={1986},
	organization={ACM}
}

@article{preece1994taxonomy,
	title={A taxonomy for combining software engineering and human-computer interaction measurement approaches: towards a common framework},
	author={Preece, Jenny and Rombach, H Dieter},
	journal={International journal of human-computer studies},
	volume={41},
	number={4},
	pages={553--583},
	year={1994},
	publisher={Elsevier}
}

@article{basili1986experimentation,
	title={Experimentation in software engineering},
	author={Basili, Victor R and Selby, Richard W and Hutchens, David H},
	journal={IEEE Transactions on software engineering},
	number={7},
	pages={733--743},
	year={1986},
	publisher={IEEE}
}

@inproceedings{kwak2010twitter,
	title={What is Twitter, a social network or a news media?},
	author={Kwak, Haewoon and Lee, Changhyun and Park, Hosung and Moon, Sue},
	booktitle={19th international conference on World wide web},
	pages={591--600},
	year={2010},
	organization={ACM}
}


@article{postill2012social,
	title={Social media ethnography: The digital researcher in a messy web},
	author={Postill, John and Pink, Sarah},
	journal={Media International Australia},
	volume={145},
	number={1},
	pages={123--134},
	year={2012},
	publisher={SAGE Publications Sage UK: London, England}
}

@book{lomax2013statistical,
	title={Statistical concepts: A second course},
	author={Lomax, Richard G and Hahs-Vaughn, Debbie L},
	year={2013},
	publisher={Routledge}
}


@inproceedings{ko2010power,
	title={How power users help and hinder open bug reporting},
	author={Ko, Andrew J and Chilana, Parmit K},
	booktitle={SIGCHI Conference on Human Factors in Computing Systems},
	pages={1665--1674},
	year={2010},
	organization={ACM}
}
@article{crawford2009following,
	title={Following you: Disciplines of listening in social media},
	author={Crawford, Kate},
	journal={Continuum},
	volume={23},
	number={4},
	pages={525--535},
	year={2009},
	publisher={Taylor \& Francis}
}

@article{storey2006theories,
	title={Theories, tools and research methods in program comprehension: past, present and future},
	author={Storey, Margaret-Anne},
	journal={Software Quality Journal},
	volume={14},
	number={3},
	pages={187--208},
	year={2006},
	publisher={Springer}
}


@article{li1993object,
	title={Object-oriented metrics that predict maintainability},
	author={Li, Wei and Henry, Sallie},
	journal={Journal of Systems and Software},
	volume={23},
	number={2},
	pages={111-122},
	year={1993},
	publisher={Elsevier}
}

@inproceedings{crowston2004towards,
	title={Towards a portfolio of FLOSS project success measures},
	author={Crowston, Kevin and Annabi, Hala and Howison, James and Masango, Chengetai},
	booktitle={Workshop on Open Source Software Engineering, 26th International Conference on Software Engineering},
	year={2004},
	organization={IET}
}

@book{noru2012ibm,
	title={IBM SPSS Statistics 19 Guide to Data Analysis},
	author={Noru, Marija J},
	year={2012},
	publisher={Prentice Hall}
}


@misc{raspberrypi,
	title={Raspberry Pi},
	year={2017},
	howpublished = {[Online]. Available: https://www.raspberrypi.org/}
}


@misc{arduino,
	title={Arduino},
	year={2017},
	howpublished = {[Online]. Available: https://www.arduino.cc/}
}


@article{draper1998applied,
	title={Applied Regression Analysis. Wiley-Interscience},
	author={Draper, NR and Smith, H},
	journal={New York},
	pages={505--553},
	year={1998}
}


@book{glantz1990primer,
	title={Primer of applied regression and analysis of variance},
	author={Glantz, Stanton A Slinker and others},
	number={Sirsi) i9780070234079},
	publisher={McGrew Hill Book Company Inc.},
	year={1990}
}


@article{steel1960torrie,
	title={Torrie, JH—1960. Principles and Procedures of Statistics, With Special Reference to the Biological Sciences},
	author={Steel, RGD},
	journal={McGrew Hill Book Company Inc. New York},
	volume={550},
	year={1960}
}

@inproceedings{gyrard2015assisting,
	title={Assisting iot projects and developers in designing interoperable semantic web of things applications},
	author={Gyrard, Amelie and Bonnet, Christian and Boudaoud, Karima and Serrano, Martin},
	booktitle={International Conference on Data Science and Data Intensive Systems (DSDIS)},
	pages={659--666},
	year={2015},
	organization={IEEE}
}

@inproceedings{conzon2015industrial,
	title={Industrial application development exploiting IoT vision and model driven programming},
	author={Conzon, Davide and Brizzi, Paolo and Kasinathan, Prabhakaran and Pastrone, Claudio and Pramudianto, Ferry and Cultrona, P},
	booktitle={18th International Conference on Intelligence in Next Generation Networks (ICIN)},
	pages={168--175},
	year={2015},
	organization={IEEE}
}

@article{leonardi2013enterprise,
	title={Enterprise social media: Definition, history, and prospects for the study of social technologies in organizations},
	author={Leonardi, Paul M and Huysman, Marleen and Steinfield, Charles},
	journal={Journal of Computer-Mediated Communication},
	volume={19},
	number={1},
	pages={1--19},
	year={2013},
	publisher={Wiley Online Library}
}



@misc{awsamazon,
	title={Amazon},
	year={2017},
	howpublished = {[Online]. Available: https://aws.amazon.com/iot/}
}


@misc{azure,
	title={Azure},
	year={2017},
	howpublished = {[Online]. Available: https://azure.microsoft.com/}
}

@misc{npd,
	title={NPD Group},
	year={2018},
	howpublished = {[Online]. Available: https://www.npd.com/wps/portal/npd/us/news/press-releases/2017/us-home-automation-sales-growth-fueled-in-part-by-voice-control-and-digital-assistants/}
}

@article{singh2017create,
	title={Create Your Own Internet of Things: A survey of IoT platforms.},
	author={Singh, Kiran Jot and Kapoor, Divneet Singh},
	journal={IEEE Consumer Electronics Magazine},
	volume={6},
	number={2},
	pages={57--68},
	year={2017},
	publisher={IEEE}
}



@misc{reputation,
	title={How do I earn reputation?},
	year={2017},
	author={Benjamin Larralde},
	howpublished = {[Online]. Available: http://help.hackster.io/knowledgebase/hackster-free-store/how-do-i-earn-reputation}
}


@misc{store,
title={Hackster Store},
year={2017},
howpublished = {[Online]. Available: https://www.hackster.io/store}
}
